1111111111111111111111111111111111111101111111111101010
2222222222222222222222222222222222222222222222222222222
3333333333333333333333333333333333333333333333333333333
4141414141414141414141414141414141414141414141401141441414441443
42424242424242442424242424242424242424242424242424242424
434434343434343343433434434343434433343434343434
